34100000         229792611000100                    08446 000000038150 4VILAGE IMÓVEIS LTDA           BANCO ITAU SA                           10410201709064100000204000000                                                      000            
34100011R0100030 2029792611000100                    08446 000000038150 4VILAGE IMÓVEIS LTDA                                                                                           000000000410201700000000                                 
3410001300001P 0108446 000000038150 4109000020200        0000010266          0410201700000000000100000000005N04102017004102017000000000000000000000000000000000000000000000000000000000000000000000                         0001300000000000000 
3410001300002Q 012039260120000163FUNDACAO  MUNICIPAL DE SAUDE            AV PRES  KENNEDY  207 TERREO E CASA 1   CENTRO         24440490S  GONCALO     RJ0000000000000000                                        000                            
3410001300003R 01000000000000000000000000000000000000000000000000204102017000000000001000                                                                                                              0000000000000000 000000000000  0         
34100015         00000500000100000000000001000000000000000000000000000000000000000000000000000000000000000000000000                                                                                                                             
34199999         000001000007                                                                                                                                                                                                                   
