34100000         220275596000140                    06148 000000076349 0JOLEAN IMOVEIS - SOT dos SantoBANCO ITAU SA                           10811201710482200000304000000                                                      000            
34100011R0100030 2020275596000140                    06148 000000076349 0JOLEAN IMOVEIS - SOT dos Santo                                                                                000000000811201700000000                                 
3410001300001P 0106148 000000076349 0109000034793        0000010360          0911201700000000000200000000005N08112017009112017000000000000000000000000000000000000000000000000000000000000000000000                         0001300000000000000 
3410001300002Q 011000000574190783ARLY GOMES PEREIRA ADAO                 RUA GERALDO ROCHA  212 FUNDOS           GRADIM         24000000SAO GONCALO    RJ0000000000000000                                        000                            
3410001300003R 01000000000000000000000000000000000000000000000000209112017000000000001000                                                                                                              0000000000000000 000000000000  0         
34100015         00000500000100000000000002000000000000000000000000000000000000000000000000000000000000000000000000                                                                                                                             
34199999         000001000007                                                                                                                                                                                                                   
