03300000        2031728918000185340500007926383                         PASSELI ADMINISTRADORA LTDA   BANCO SANTANDER                         117082021      023740040                                                                          
03300011R01  030 2031728918000185                    340500007926383     PASSELI ADMINISTRADORA LTDA                                                                                   0000000017082021                                         
0330001300001P 013405300130005160013000516  0000001214391512  13521          2008202100000000091401400000 04N17082021120082021000000000000301000000000000000000000000000000000000000000000000000000                         000101500           
0330001300002Q 011000072023228700MARCIA REGINA DAVILA ABOUD DUARTE       RUA JOAO CAETANO  185 LJ 127            ALCANTARA      24710405SAO GONCALO    RJ0000000000000000                                        000000000000                   
0330001300003R 01000000000000000000000000                        220082021000000000002000                                                                                                                                                       
0330001300004S 011014PASSELI PREDIAL ADM  S  S  LTDA     CNPJ  31 728 918/0001 85                                                                                                                                                               
0330001300005S 011024APOS O DIA 20/08/2021 MULTA DE 10% + ENCARGOS DE 0 333% POR DIA DE ATRASO                                                                                                                                                  
0330001300006S 011034NAO RECEBER APOS 30 DIAS DO VENCIMENTO                                                                                                                                                                                     
03300015         000008                                                                                                                                                                                                                         
03399999         000001000010                                                                                                                                                                                                                   
