03300000        2031728918000185340500007926383                         PASSELI ADMINISTRADORA LTDA   BANCO SANTANDER                         120072021      023371040                                                                          
03300011R01  030 2031728918000185                    340500007926383     PASSELI ADMINISTRADORA LTDA                                                                                   0000000020072021                                         
0330001300001P 013405300130005160013000516  0000001210882512  13758          2007202100000000150506800000 04N20072021120072021000000000000496000000000000000000000000000000000000000000000000000000                         000101500           
0330001300002Q 012031811929000124CLINICA BOM DOUTOR LTDA                 RUA FELICIANO SODRE  78 LOJA 02         CENTRO         24440440SAO GONCALO    RJ0000000000000000                                        000000000000                   
0330001300003R 01000000000000000000000000                        220072021000000000000000                                                                                                                                                       
0330001300004S 011014PASSELI PREDIAL ADM  S  S  LTDA     CNPJ  31 728 918/0001 85                                                                                                                                                               
0330001300005S 011024APOS O DIA 20/07/2021 MULTA DE 10% + ENCARGOS DE 0 333% POR DIA DE ATRASO                                                                                                                                                  
0330001300006S 011034NAO RECEBER APOS 30 DIAS DO VENCIMENTO                                                                                                                                                                                     
03300015         000008                                                                                                                                                                                                                         
03399999         000001000010                                                                                                                                                                                                                   
