03300000        2031728918000185340500007926383                         PASSELI ADMINISTRADORA LTDA   BANCO SANTANDER                         106092021      023907040                                                                          
03300011R01  030 2031728918000185                    340500007926383     PASSELI ADMINISTRADORA LTDA                                                                                   0000000006092021                                         
0330001300001P 013405300130005160013000516  0000001216031512  14428          2109202100000000008939000000 04N06092021121092021000000000000029000000000000000000000000000000000000000000000000000000                         000101500           
0330001300002Q 011000010563086726AUGUSTO CESAR ALVES DE SA               RUA DOUTOR JURUMENHA  4061 07           BARRO VERMELHO 24415230SAO GONCALO    RJ0000000000000000                                        000000000000                   
0330001300003R 01000000000000000000000000                        221092021000000000002000                                                                                                                                                       
0330001300004S 011014PASSELI PREDIAL ADM  S  S  LTDA     CNPJ  31 728 918/0001 85                                                                                                                                                               
0330001300005S 011024APOS O DIA 21/09/2021 MULTA DE 10% + ENCARGOS DE 0 333% POR DIA DE ATRASO                                                                                                                                                  
0330001300006S 011034NAO RECEBER APOS 30 DIAS DO VENCIMENTO                                                                                                                                                                                     
03300015         000008                                                                                                                                                                                                                         
03399999         000001000010                                                                                                                                                                                                                   
