03300000        2028062623000108340500009479384                         CELSO IMOVEIS RJ LTDA - CNPJ 2BANCO SANTANDER                         129072022      007240040                                                                          
03300011R01  030 2028062623000108                    340500009479384     CELSO IMOVEIS RJ LTDA - CNPJ 2                                                                                0000000029072022                                         
0330001300001P 013405301300424170130042417  0000000126969512  10592          3007202200000000013124000000 04N29072022130072022000000000000043000000000000000000000000000000000000000000000000000000                         000101500           
0330001300002Q 011000012111779717ALLANA NUNES GONZAGA                    PRACA DOUTOR LUIZ PALMIER  53 SALA 111  CENTRO         24400000SAO GONCALO    RJ0000000000000000                                        000000000000                   
0330001300003R 01000000000000000000000000                        230072022000000000002000                                                                                                                                                       
0330001300004S 011014APOS VENCIMENTO MULTA DE 20% E ENCARGOS DE 0 0033 AO DIA                                                                                                                                                                   
0330001300005S 011024APOS 15 DIAS DO VENCIMENTO PAGAVEL SOMENTE NA IMOBILIARIA                                                                                                                                                                  
03300015         000007                                                                                                                                                                                                                         
03399999         000001000009                                                                                                                                                                                                                   
