34100000         200000000000000                    06219 000000005390 4RENATA B. PIMENTEL            BANCO ITAU SA                           10604202212541700000004000000                                                      000            
34100011R0100030 2000000000000000                    06219 000000005390 4RENATA B. PIMENTEL                                                                                            000000000604202200000000                                 
3410001300001P 0106219 000000005390 4109000000022        0000010011          0604202200000000021675300000005N06042022006042022000000000000071000000000000000000000000000000000000000000000000000000                         0001300000000000000 
3410001300002Q 011000000040063720MARCIO EDUARDO SIMOES DE ARAUJ          AVENIDA PROFESSOR JOAO BRASIL  1789 LOJAFONSECA        24130081NITEROI        RJ0000000000000000                                        000                            
3410001300003R 01000000000000000000000000000000000000000000000000206042022000000000001000                                                                                                              0000000000000000 000000000000  0         
34100015         00000500000100000000000216753000000000000000000000000000000000000000000000000000000000000000000000                                                                                                                             
34199999         000001000007                                                                                                                                                                                                                   
