34100000         200000000000000                    06219 000000005390 4RENATA B. PIMENTEL            BANCO ITAU SA                           12305202207540400000104000000                                                      000            
34100011R0100030 2000000000000000                    06219 000000005390 4RENATA B. PIMENTEL                                                                                            000000002305202200000000                                 
3410001300001P 0106219 000000005390 4109000000030        0000010239          2405202200000000007733600000005N23052022024052022000000000000025000000000000000000000000000000000000000000000000000000                         0001300000000000000 
3410001300002Q 011000086599399487LUCIENE FRANCISCA ALVES                 RUA DOUTOR PIO BORGES  2416 SOBRADO     SETE PONTES    24412000SAO GONCALO    RJ0000000000000000                                        000                            
3410001300003R 01000000000000000000000000000000000000000000000000224052022000000000001000                                                                                                              0000000000000000 000000000000  0         
34100015         00000500000100000000000077336000000000000000000000000000000000000000000000000000000000000000000000                                                                                                                             
34199999         000001000007                                                                                                                                                                                                                   
