34100000         200000000000000                    06219 000000005390 4RENATA B. PIMENTEL            BANCO ITAU SA                           12906202209510500000404000000                                                      000            
34100011R0100030 2000000000000000                    06219 000000005390 4RENATA B. PIMENTEL                                                                                            000000002906202200000000                                 
3410001300001P 0106219 000000005390 4109000000063        0000010239          2906202200000000007733600000005N29062022029062022000000000000025000000000000000000000000000000000000000000000000000000                         0001300000000000000 
3410001300002Q 011000086599399487LUCIENE FRANCISCA ALVES                 RUA DOUTOR PIO BORGES  2416 SOBRADO     SETE PONTES    24412000SAO GONCALO    RJ0000000000000000                                        000                            
3410001300003R 01000000000000000000000000000000000000000000000000229062022000000000001000                                                                                                              0000000000000000 000000000000  0         
34100015         00000500000100000000000077336000000000000000000000000000000000000000000000000000000000000000000000                                                                                                                             
34199999         000001000007                                                                                                                                                                                                                   
