03300000        2000000000016335340500009479384                         CELSO IMÓVEIS                 BANCO SANTANDER                         103052018      000010040                                                                          
03300011R01  030 2000000000016335                    340500009479384     CELSO IMÓVEIS                                                                                                 0000000003052018                                         
0330001300001P 013405301300051630130005163  0000000000108512  10677          1505201800000000037417700000 04N03052018120052018000000000000123000000000000000000000000000000000000000000000000000000                         000101500           
0330001300002Q 011000002136285467ADRIANA MARIA DA SILVA                  AVENIDA 18 DO FORTE  27 LOJA 14         CENTRO         24400000SAO GONCALO    RJ0000000000000000                                        000000000000                   
0330001300003R 01000000000000000000000000                        220052018000000000002000                                                                                                                                                       
0330001300004S 011014APOS 20/05/2018 MULTA DE 20% E ENCARGOS DE 0 033% AO DIA                                                                                                                                                                   
0330001300005S 011024APOS 25 DIAS VENCIDOS SOMENTE NA IMOBILIARIA                                                                                                                                                                               
03300015         000007                                                                                                                                                                                                                         
03399999         000001000009                                                                                                                                                                                                                   
