03300000        2031728918000185340500007926383                         PASSELI ADMINISTRADORA LTDA   BANCO SANTANDER                         121122017      003007040                                                                          
03300011R01  030 2031728918000185                    340500007926383     PASSELI ADMINISTRADORA LTDA                                                                                   0000000021122017                                         
0330001300001P 013405300130005160013000516  0000000010359512  12288          2112201700000000000010000000 04N2112201712112201700000000000033E000000000000000000000000000000000000000000000000000000                         000101500           
0330001300002Q 012010407621000148A ODONTO CLINICA DE ASSISTENCIA ODONTOLORUA DR  FRANCISCO PORTELA  2770 LOJA    ZE GAROTO      24435001SAO GONCALO    RJ0000000000000000                                        000000000000                   
0330001300003R 01000000000000000000000000                        221122017000000000002000                                                                                                                                                       
0330001300004S 011014APOS O DIA 21/12/2017 MULTA DE 10% + ENCARGOS DE 0 333% POR DIA DE ATRASO                                                                                                                                                  
0330001300005S 011024NAO RECEBER APOS 30 DIAS DO VENCIMENTO                                                                                                                                                                                     
03300015         000007                                                                                                                                                                                                                         
03399999         000001000009                                                                                                                                                                                                                   
