34100000         273994832000144                    00059 000000007258 7Art-Vida Empreendimentos ImobiBANCO ITAU SA                           10702201811023200001904000000                                                      000            
34100011R0100030 2073994832000144                    00059 000000007258 7Art-Vida Empreendimentos Imobi                                                                                000000000702201800000000                                 
3410001300001P 0100059 000000007258 7109000099126        0000010296          0702201800000000000100000000005N07022018007022018000000000000000000000000000000000000000000000000000000000000000000000                         0001300000000000000 
3410001300002Q 012028555738000134ABELHA DOCEIRA LTDA                     RUA OTAVIO CARNEIRO  100 LOJA 107       ICARAI         24230191NITEROI        RJ0000000000000000                                        000                            
3410001300003R 01000000000000000000000000000000000000000000000000207022018000000000001000                                                                                                              0000000000000000 000000000000  0         
34100015         00000500000100000000000001000000000000000000000000000000000000000000000000000000000000000000000000                                                                                                                             
34199999         000001000007                                                                                                                                                                                                                   
