34100000         220275596000140                    06148 000000076349 0JOLEAN IMOVEIS - SOT dos SantoBANCO ITAU SA                           10811201710423100000304000000                                                      000            
34100011R0100030 2020275596000140                    06148 000000076349 0JOLEAN IMOVEIS - SOT dos Santo                                                                                000000000811201700000000                                 
3410001300001P 0106148 000000076349 0109000034769        0000010160          0911201700000000000110000000005N08112017009112017000000000000000000000000000000000000000000000000000000000000000000000                         0001300000000000000 
3410001300002Q 011000012966320320ABDON DA SILVA CHAVES                   RUA OTAVIO VILELA  40 CASA 01           MUTUA          24440400SAO GONCALO    RJ0000000000000000                                        000                            
3410001300003R 01000000000000000000000000000000000000000000000000209112017000000000001000                                                                                                              0000000000000000 000000000000  0         
34100015         00000500000100000000000001100000000000000000000000000000000000000000000000000000000000000000000000                                                                                                                             
34199999         000001000007                                                                                                                                                                                                                   
